@article{Marx2023Method,
	author = {Marx, Vivien},
	journal = {Nature Methods},
	doi = {10.1038/s41592-022-01730-w},
	issn = {1548-7105},
	number = {1},
	year = {2023},
	month = {1},
	note = {publisher: Nature Publishing Group},
	pages = {6--11},
	title = {Method of the year: long-read sequencing},
	volume = {20},
}
@article{Chen2023Context,
	author = {Chen, Ying and Sim, Andre and Wan, Yuk Kei and Yeo, Keith and Lee, Joseph Jing Xian and Ling, Min Hao and Love, Michael I. and G{\" o}ke, Jonathan},
	journal = {Nature Methods},
	doi = {10.1038/s41592-023-01908-w},
	issn = {1548-7105},
	number = {8},
	year = {2023},
	month = {8},
	note = {publisher: Nature Publishing Group},
	pages = {1187--1195},
	title = {Context-aware transcript quantification from long-read {RNA}-seq data with {Bambu}},
	volume = {20},
}
@article{Prjibelski2023Accurate,
	author = {Prjibelski, Andrey D. and Mikheenko, Alla and Joglekar, Anoushka and Smetanin, Alexander and Jarroux, Julien and Lapidus, Alla L. and Tilgner, Hagen U.},
	journal = {Nature Biotechnology},
	doi = {10.1038/s41587-022-01565-y},
	issn = {1546-1696},
	number = {7},
	year = {2023},
	month = {7},
	note = {publisher: Nature Publishing Group},
	pages = {915--918},
	title = {Accurate isoform discovery with {IsoQuant} using long reads},
	volume = {41},
}
@article{Philpott2021Nanopore,
	author = {Philpott, Martin and Watson, Jonathan and Thakurta, Anjan and Brown, Tom and Brown, Tom and Oppermann, Udo and Cribbs, Adam P.},
	journal = {Nature Biotechnology},
	doi = {10.1038/s41587-021-00965-w},
	issn = {1546-1696},
	number = {12},
	year = {2021},
	month = {12},
	note = {publisher: Nature Publishing Group},
	pages = {1517--1520},
	title = {Nanopore sequencing of single-cell transcriptomes with {scCOLOR}-seq},
	volume = {39},
}
@article{Kabza2024Accurate,
	author = {Kabza, Michal and Ritter, Alexander and Byrne, Ashley and Sereti, Kostianna and Le, Daniel and Stephenson, William and Sterne-Weiler, Timothy},
	journal = {Nature Communications},
	doi = {10.1038/s41467-024-51584-3},
	issn = {2041-1723},
	number = {1},
	year = {2024},
	month = {aug 25},
	note = {publisher: Nature Publishing Group},
	pages = {7316},
	title = {Accurate long-read transcript discovery and quantification at single-cell, pseudo-bulk and bulk resolution with {Isosceles}},
	volume = {15},
}
@article{Conesa2016survey,
	author = {Conesa, Ana and Madrigal, Pedro and Tarazona, Sonia and Gomez-Cabrero, David and Cervera, Alejandra and McPherson, Andrew and Szcze{\' s}niak, Micha\l{} Wojciech and Gaffney, Daniel J. and Elo, Laura L. and Zhang, Xuegong and Mortazavi, Ali},
	journal = {Genome Biology},
	doi = {10.1186/s13059-016-0881-8},
	issn = {1474-760X},
	number = {1},
	year = {2016},
	month = {jan 26},
	pages = {13},
	title = {A survey of best practices for {RNA}-seq data analysis},
	volume = {17},
}
@article{Monzo2025Transcriptomics,
	author = {Monz{\' o}, Carolina and Liu, Tianyuan and Conesa, Ana},
	journal = {Nature Reviews Genetics},
	doi = {10.1038/s41576-025-00828-z},
	issn = {1471-0064},
	year = {2025},
	month = {mar 28},
	note = {publisher: Nature Publishing Group},
	pages = {1--21},
	title = {Transcriptomics in the era of long-read sequencing},
}
@article{Weirather2017Comprehensive,
	note = {[Online; accessed 2025-04-07]},
	author = {Weirather, Jason L. and Cesare, Mariateresa and Wang, Yunhao and Piazza, Paolo and Sebastiano, Vittorio and Wang, Xiu-Jie and Buck, David and Au, Kin Fai},
	doi = {10.12688/f1000research.10571.2},
	year = {2017},
	month = {jun 19},
	publisher = {F1000Research},
	title = {Comprehensive comparison of {Pacific} {Biosciences} and {Oxford} {Nanopore} {Technologies} and their applications to transcriptome analysis},
	url = {https://f1000research.com/articles/6-100},
}
@article{Soneson2019comprehensive,
	author = {Soneson, Charlotte and Yao, Yao and Bratus-Neuenschwander, Anna and Patrignani, Andrea and Robinson, Mark D. and Hussain, Shobbir},
	journal = {Nature Communications},
	doi = {10.1038/s41467-019-11272-z},
	issn = {2041-1723},
	number = {1},
	year = {2019},
	month = {jul 31},
	note = {publisher: Nature Publishing Group},
	pages = {3359},
	title = {A comprehensive examination of {Nanopore} native {RNA} sequencing for characterization of complex transcriptomes},
	volume = {10},
}
@article{Dong2023Benchmarking,
	author = {Dong, Xueyi and Du, Mei R. M. and Gouil, Quentin and Tian, Luyi and Jabbari, Jafar S. and Bowden, Rory and Baldoni, Pedro L. and Chen, Yunshun and Smyth, Gordon K. and Amarasinghe, Shanika L. and Law, Charity W. and Ritchie, Matthew E.},
	journal = {Nature Methods},
	doi = {10.1038/s41592-023-02026-3},
	issn = {1548-7105},
	number = {11},
	year = {2023},
	month = {11},
	note = {publisher: Nature Publishing Group},
	pages = {1810--1821},
	title = {Benchmarking long-read {RNA}-sequencing analysis tools using in silico mixtures},
	volume = {20},
}
@article{Chen2025systematic,
	author = {Chen, Ying and Davidson, Nadia M. and Wan, Yuk Kei and Yao, Fei and Su, Yan and Gamaarachchi, Hasindu and Sim, Andre and Patel, Harshil and Low, Hwee Meng and Hendra, Christopher and Wratten, Laura and Hakkaart, Christopher and Sawyer, Chelsea and Iakovleva, Viktoriia and Lee, Puay Leng and Xin, Lixia and Ng, Hui En Vanessa and Loo, Jia Min and Ong, Xuewen and Ng, Hui Qi Amanda and Wang, Jiaxu and Koh, Wei Qian Casslynn and Poon, Suk Yeah Polly and Stanojevic, Dominik and Tran, Hoang-Dai and Lim, Kok Hao Edwin and Toh, Shen Yon and Ewels, Philip Andrew and Ng, Huck-Hui and Iyer, N. Gopalakrishna and Thiery, Alexandre and Chng, Wee Joo and Chen, Leilei and DasGupta, Ramanuj and Sikic, Mile and Chan, Yun-Shen and Tan, Boon Ooi Patrick and Wan, Yue and Tam, Wai Leong and Yu, Qiang and Khor, Chiea Chuan and W{\" u}stefeld, Torsten and Lezhava, Alexander and Pratanwanich, Ploy N. and Love, Michael I. and Goh, Wee Siong Sho and Ng, Sarah B. and Oshlack, Alicia and G{\" o}ke, Jonathan},
	journal = {Nature Methods},
	doi = {10.1038/s41592-025-02623-4},
	issn = {1548-7105},
	year = {2025},
	month = {mar 13},
	note = {publisher: Nature Publishing Group},
	pages = {1--12},
	title = {A systematic benchmark of {Nanopore} long-read {RNA} sequencing for transcript-level analysis in human cell lines},
}
@article{Fukasawa2020LongQC,
	author = {Fukasawa, Yoshinori and Ermini, Luca and Wang, Hai and Carty, Karen and Cheung, Ming-Sin},
	journal = {G3: Genes\textbar{}Genomes\textbar{}Genetics},
	doi = {10.1534/g3.119.400864},
	issn = {2160-1836},
	number = {4},
	year = {2020},
	month = {feb 10},
	note = {PMID: 32041730
PMCID: PMC7144081},
	pages = {1193--1196},
	title = {LongQC: A {Quality} {Control} {Tool} for {Third} {Generation} {Sequencing} {Long} {Read} {Data}},
	volume = {10},
}
@article{Keil2024SQANTI,
	author = {Keil, Netanya and Monz{\' o}, Carolina and McIntyre, Lauren and Conesa, Ana},
	journal = {bioRxiv},
	doi = {10.1101/2024.08.23.609463},
	issn = {2692-8205},
	year = {2024},
	month = {sep 17},
	note = {PMID: 39229095
PMCID: PMC11370609},
	pages = {2024.08.23.609463},
	title = {SQANTI-reads: a tool for the quality assessment of long read data in multi-sample {lrRNA}-seq experiments},
}
@article{Leger2019pycoQC,
	author = {Leger, Adrien and Leonardi, Tommaso},
	journal = {Journal of Open Source Software},
	doi = {10.21105/joss.01236},
	issn = {2475-9066},
	number = {34},
	year = {2019},
	month = {feb 28},
	pages = {1236},
	title = {pycoQC, interactive quality control for {Oxford} {Nanopore} {Sequencing}},
	volume = {4},
}
@article{PardoPalacios2024SQANTI3,
	author = {Pardo-Palacios, Francisco J. and Arzalluz-Luque, Angeles and Kondratova, Liudmyla and Salguero, Pedro and Mestre-Tom{\' a}s, Jorge and Amor{\' i}n, Roc{\' i}o and Estevan-Mori{\' o}, Eva and Liu, Tianyuan and Nanni, Adalena and McIntyre, Lauren and Tseng, Elizabeth and Conesa, Ana},
	journal = {Nature Methods},
	doi = {10.1038/s41592-024-02229-2},
	issn = {1548-7105},
	number = {5},
	year = {2024},
	month = {5},
	note = {publisher: Nature Publishing Group},
	pages = {793--797},
	title = {SQANTI3: curation of long-read transcriptomes for accurate identification of known and novel isoforms},
	volume = {21},
}
@article{Simao2015BUSCO,
	author = {Sim{\~ a}o, Felipe A. and Waterhouse, Robert M. and Ioannidis, Panagiotis and Kriventseva, Evgenia V. and Zdobnov, Evgeny M.},
	journal = {Bioinformatics},
	doi = {10.1093/bioinformatics/btv351},
	issn = {1367-4803},
	number = {19},
	year = {2015},
	month = {oct 1},
	pages = {3210--3212},
	title = {BUSCO: assessing genome assembly and annotation completeness with single-copy orthologs},
	volume = {31},
}
@article{Velasco2022Longread,
	author = {Velasco, Vera Marjorie Elauria and Ferreira, Alyssa and Zaman, Sumaira and Noordermeer, Devin and Ensminger, Ingo and Wegrzyn, Jill L},
	journal = {G3: Genes\textbar{}Genomes\textbar{}Genetics},
	doi = {10.1093/g3journal/jkac304},
	issn = {2160-1836},
	number = {2},
	year = {2022},
	month = {dec 1},
	note = {PMID: 36454025
PMCID: PMC10468028},
	pages = {jkac304},
	title = {A long-read and short-read transcriptomics approach provides the first high-quality reference transcriptome and genome annotation for {Pseudotsuga} menziesii ({Douglas}-fir)},
	volume = {13},
}
@article{Nip2023Reference,
	author = {Nip, Ka Ming and Hafezqorani, Saber and Gagalova, Kristina K. and Chiu, Readman and Yang, Chen and Warren, Ren{\' e} L. and Birol, Inanc},
	journal = {Nature Communications},
	doi = {10.1038/s41467-023-38553-y},
	issn = {2041-1723},
	number = {1},
	year = {2023},
	month = {may 22},
	note = {publisher: Nature Publishing Group},
	pages = {2940},
	title = {Reference-free assembly of long-read transcriptome sequencing data with {RNA}-{Bloom2}},
	volume = {14},
}
@article{PardoPalacios2024Systematic,
	author = {Pardo-Palacios, Francisco J. and Wang, Dingjie and Reese, Fairlie and Diekhans, Mark and Carbonell-Sala, S{\' i}lvia and Williams, Brian and Loveland, Jane E. and De Mar{\' i}a, Maite and Adams, Matthew S. and Balderrama-Gutierrez, Gabriela and Behera, Amit K. and Gonzalez Martinez, Jose M. and Hunt, Toby and Lagarde, Julien and Liang, Cindy E. and Li, Haoran and Meade, Marcus Jerryd and Moraga Amador, David A. and Prjibelski, Andrey D. and Birol, Inanc and Bostan, Hamed and Brooks, Ashley M. and {\c C}elik, Muhammed Hasan and Chen, Ying and Du, Mei R. M. and Felton, Colette and G{\" o}ke, Jonathan and Hafezqorani, Saber and Herwig, Ralf and Kawaji, Hideya and Lee, Joseph and Li, Jian-Liang and Lienhard, Matthias and Mikheenko, Alla and Mulligan, Dennis and Nip, Ka Ming and Pertea, Mihaela and Ritchie, Matthew E. and Sim, Andre D. and Tang, Alison D. and Wan, Yuk Kei and Wang, Changqing and Wong, Brandon Y. and Yang, Chen and Barnes, If and Berry, Andrew E. and Capella-Gutierrez, Salvador and Cousineau, Alyssa and Dhillon, Namrita and Fernandez-Gonzalez, Jose M. and Ferr{\' a}ndez-Peral, Luis and Garcia-Reyero, Nat{\` a}lia and G{\" o}tz, Stefan and Hern{\' a}ndez-Ferrer, Carles and Kondratova, Liudmyla and Liu, Tianyuan and Martinez-Martin, Alessandra and Menor, Carlos and Mestre-Tom{\' a}s, Jorge and Mudge, Jonathan M. and Panayotova, Nedka G. and Paniagua, Alejandro and Repchevsky, Dmitry and Ren, Xingjie and Rouchka, Eric and Saint-John, Brandon and Sapena, Enrique and Sheynkman, Leon and Smith, Melissa Laird and Suner, Marie-Marthe and Takahashi, Hazuki and Youngworth, Ingrid A. and Carninci, Piero and Denslow, Nancy D. and Guig{\' o}, Roderic and Hunter, Margaret E. and Maehr, Rene and Shen, Yin and Tilgner, Hagen U. and Wold, Barbara J. and Vollmers, Christopher and Frankish, Adam and Au, Kin Fai and Sheynkman, Gloria M. and Mortazavi, Ali and Conesa, Ana and Brooks, Angela N.},
	journal = {Nature Methods},
	doi = {10.1038/s41592-024-02298-3},
	issn = {1548-7105},
	number = {7},
	year = {2024},
	month = {7},
	note = {publisher: Nature Publishing Group},
	pages = {1349--1363},
	title = {Systematic assessment of long-read {RNA}-seq methods for transcript identification and quantification},
	volume = {21},
}
@article{Nenasheva2024Annotation,
	author = {Nenasheva, Natalia and Pitzschel, Clara and Webster, Cynthia N. and Hart, Alex and Wegrzyn, Jill L. and Bengtsson, Mia M. and Hoff, Katharina J.},
	doi = {10.48550/arXiv.2410.05467},
	year = {2024},
	month = {oct 11},
	note = {arXiv:2410.05467 [q-bio]},
	publisher = {arXiv},
	title = {Annotation of protein-coding genes in 49 diatom genomes from the {Bacillariophyta} clade},
	url = {http://arxiv.org/abs/2410.05467},
}
@article{Paniagua2025Evaluation,
	author = {Paniagua, Alejandro and Agust{\' i}n-Garc{\' i}a, Cristina and Pardo-Palacios, Francisco J. and Brown, Thomas and Maria, Maite De and Denslow, Nancy D. and Mazzoni, Camila J. and Conesa, Ana},
	journal = {Genome Research},
	doi = {10.1101/gr.279864.124},
	issn = {1088-9051, 1549-5469},
	number = {4},
	year = {2025},
	month = {apr 1},
	note = {Company: Cold Spring Harbor Laboratory Press
Distributor: Cold Spring Harbor Laboratory Press
Institution: Cold Spring Harbor Laboratory Press
Label: Cold Spring Harbor Laboratory Press
publisher: Cold Spring Harbor Lab
PMID: 39715684},
	pages = {1053--1064},
	title = {Evaluation of strategies for evidence-driven genome annotation using long-read {RNA}-seq},
	volume = {35},
}
@article{Jiang2011Synthetic,
	author = {Jiang, Lichun and Schlesinger, Felix and Davis, Carrie A. and Zhang, Yu and Li, Renhua and Salit, Marc and Gingeras, Thomas R. and Oliver, Brian},
	journal = {Genome Research},
	doi = {10.1101/gr.121095.111},
	issn = {1088-9051},
	number = {9},
	year = {2011},
	month = {9},
	note = {PMID: 21816910
PMCID: PMC3166838},
	pages = {1543--1551},
	title = {Synthetic spike-in standards for {RNA}-seq experiments},
	volume = {21},
}
@article{Hardwick2016Spliced,
	author = {Hardwick, Simon A. and Chen, Wendy Y. and Wong, Ted and Deveson, Ira W. and Blackburn, James and Andersen, Stacey B. and Nielsen, Lars K. and Mattick, John S. and Mercer, Tim R.},
	journal = {Nature Methods},
	doi = {10.1038/nmeth.3958},
	issn = {1548-7105},
	number = {9},
	year = {2016},
	month = {9},
	note = {PMID: 27502218},
	pages = {792--798},
	title = {Spliced synthetic genes as internal controls in {RNA} sequencing experiments},
	volume = {13},
}
@article{Coombe2023NanoSim,
	author = {Coombe, Lauren and Hafezqorani, Saber},
	year = {2023},
	month = {nov 1},
	note = {publisher: Zenodo},
	title = {NanoSim pre-trained model: Human giab - {AshkenaziTrio} - {Son} - {NA24385} - {HG002} - {Kit} {V14} - {R10} - basecalled by dorado},
	url = {https://zenodo.org/records/10064741},
	howpublished = {https://zenodo.org/records/10064741},
}
@article{Ono2022PBSIM3,
	author = {Ono, Yukiteru and Hamada, Michiaki and Asai, Kiyoshi},
	journal = {NAR Genomics and Bioinformatics},
	doi = {10.1093/nargab/lqac092},
	issn = {2631-9268},
	number = {4},
	year = {2022},
	month = {dec 1},
	pages = {lqac092},
	title = {PBSIM3: a simulator for all types of {PacBio} and {ONT} long reads},
	volume = {4},
}
@article{MestreTomas2023SQANTI,
	author = {Mestre-Tom{\' a}s, Jorge and Liu, Tianyuan and Pardo-Palacios, Francisco and Conesa, Ana},
	journal = {Genome Biology},
	doi = {10.1186/s13059-023-03127-0},
	issn = {1474-760X},
	number = {1},
	year = {2023},
	month = {dec 11},
	pages = {286},
	title = {SQANTI-{SIM}: a simulator of controlled transcript novelty for {lrRNA}-seq benchmark},
	volume = {24},
}
@article{Wilks2021recount3,
	author = {Wilks, Christopher and Zheng, Shijie C. and Chen, Feng Yong and Charles, Rone and Solomon, Brad and Ling, Jonathan P. and Imada, Eddie Luidy and Zhang, David and Joseph, Lance and Leek, Jeffrey T. and Jaffe, Andrew E. and Nellore, Abhinav and Collado-Torres, Leonardo and Hansen, Kasper D. and Langmead, Ben},
	journal = {Genome Biology},
	doi = {10.1186/s13059-021-02533-6},
	issn = {1474-760X},
	number = {1},
	year = {2021},
	month = {nov 29},
	pages = {323},
	title = {recount3: summaries and queries for large-scale {RNA}-seq expression and splicing},
	volume = {22},
}
@article{Mudge2025GENCODE,
	author = {Mudge, Jonathan M and Carbonell-Sala, S{\' i}lvia and Diekhans, Mark and Martinez, Jose Gonzalez and Hunt, Toby and Jungreis, Irwin and Loveland, Jane E and Arnan, Carme and Barnes, If and Bennett, Ruth and Berry, Andrew and Bignell, Alexandra and Cerd{\' a}n-V{\' e}lez, Daniel and Cochran, Kelly and Cort{\' e}s, Lucas T and Davidson, Claire and Donaldson, Sarah and Dursun, Cagatay and Fatima, Reham and Hardy, Matthew and Hebbar, Prajna and Hollis, Zoe and James, Benjamin T and Jiang, Yunzhe and Johnson, Rory and Kaur, Gazaldeep and Kay, Mike and Mangan, Riley J and Maquedano, Miguel and G{\' o}mez, Laura Mart{\' i}nez and Mathlouthi, Nourhen and Merritt, Ryan and Ni, Pengyu and Palumbo, Emilio and Perteghella, Tamara and Pozo, Fernando and Raj, Shriya and Sisu, Cristina and Steed, Emily and Sumathipala, Dulika and Suner, Marie-Marthe and Uszczynska-Ratajczak, Barbara and Wass, Elizabeth and Yang, Yucheng T and Zhang, Dingyao and Finn, Robert D and Gerstein, Mark and Guig{\' o}, Roderic and Hubbard, Tim J P and Kellis, Manolis and Kundaje, Anshul and Paten, Benedict and Tress, Michael L and Birney, Ewan and Martin, Fergal J and Frankish, Adam},
	journal = {Nucleic Acids Research},
	doi = {10.1093/nar/gkae1078},
	issn = {0305-1048},
	number = {D1},
	year = {2025},
	month = {jan 6},
	pages = {D966--D975},
	title = {GENCODE 2025: reference gene annotation for human and mouse},
	volume = {53},
}
@article{Goldfarb2025NCBI,
	author = {Goldfarb, Tamara and Kodali, Vamsi K and Pujar, Shashikant and Brover, Vyacheslav and Robbertse, Barbara and Farrell, Catherine M and Oh, Dong-Ha and Astashyn, Alexander and Ermolaeva, Olga and Haddad, Diana and Hlavina, Wratko and Hoffman, Jinna and Jackson, John D and Joardar, Vinita S and Kristensen, David and Masterson, Patrick and McGarvey, Kelly M and McVeigh, Richard and Mozes, Eyal and Murphy, Michael R and Schafer, Susan S and Souvorov, Alexander and Spurrier, Brett and Strope, Pooja K and Sun, Hanzhen and Vatsan, Anjana R and Wallin, Craig and Webb, David and Brister, J Rodney and Hatcher, Eneida and Kimchi, Avi and Klimke, William and Marchler-Bauer, Aron and Pruitt, Kim D and Thibaud-Nissen, Fran{\c c}oise and Murphy, Terence D},
	journal = {Nucleic Acids Research},
	doi = {10.1093/nar/gkae1038},
	issn = {0305-1048},
	number = {D1},
	year = {2025},
	month = {jan 6},
	pages = {D243--D257},
	title = {NCBI {RefSeq}: reference sequence standards through 25 years of curation and annotation},
	volume = {53},
}
@article{GarciaRuiz2023IntroVerse,
	author = {Garc{\' i}a-Ruiz, Sonia and Gustavsson, Emil K. and Zhang, David and Reynolds, Regina H. and Chen, Zhongbo and Fairbrother-Browne, Aine and Gil-Mart{\' i}nez, Ana Luisa and Botia, Juan A. and Collado-Torres, Leonardo and Ryten, Mina},
	journal = {Nucleic Acids Research},
	doi = {10.1093/nar/gkac1056},
	issn = {1362-4962},
	number = {D1},
	year = {2023},
	month = {jan 6},
	note = {PMID: 36399497
PMCID: PMC9825543},
	pages = {D167--D178},
	title = {IntroVerse: a comprehensive database of introns across human tissues},
	volume = {51},
}
@article{Abugessaisa2019refTSS,
	author = {Abugessaisa, Imad and Noguchi, Shuhei and Hasegawa, Akira and Kondo, Atsushi and Kawaji, Hideya and Carninci, Piero and Kasukawa, Takeya},
	series = {Computation {Resources} for {Molecular} {Biology}},
	journal = {Journal of Molecular Biology},
	doi = {10.1016/j.jmb.2019.04.045},
	issn = {0022-2836},
	number = {13},
	year = {2019},
	month = {jun 14},
	pages = {2407--2422},
	title = {refTSS: A {Reference} {Data} {Set} for {Human} and {Mouse} {Transcription} {Start} {Sites}},
	volume = {431},
}
@article{Bastian2021Bgee,
	author = {Bastian, Frederic B. and Roux, Julien and Niknejad, Anne and Comte, Aur{\' e}lie and Fonseca Costa, Sara S. and de Farias, Tarcisio Mendes and Moretti, S{\' e}bastien and Parmentier, Gilles and de Laval, Valentine Rech and Rosikiewicz, Marta and Wollbrett, Julien and Echchiki, Amina and Escoriza, Ang{\' e}lique and Gharib, Walid H. and Gonzales-Porta, Mar and Jarosz, Yohan and Laurenczy, Balazs and Moret, Philippe and Person, Emilie and Roelli, Patrick and Sanjeev, Komal and Seppey, Mathieu and Robinson-Rechavi, Marc},
	journal = {Nucleic Acids Research},
	doi = {10.1093/nar/gkaa793},
	issn = {1362-4962},
	number = {D1},
	year = {2021},
	month = {jan 8},
	note = {PMID: 33037820
PMCID: PMC7778977},
	pages = {D831--D847},
	title = {The {Bgee} suite: integrated curated expression atlas and comparative transcriptomics in animals},
	volume = {49},
}
@article{Hounkpe2020HRT,
	author = {Hounkpe, Bidossessi Wilfried and Chenou, Francine and de Lima, Franciele and De Paula, Erich Vinicius},
	journal = {Nucleic Acids Research},
	doi = {10.1093/nar/gkaa609},
	issn = {0305-1048},
	number = {D1},
	year = {2020},
	month = {jul 14},
	note = {PMID: 32663312
PMCID: PMC7778946},
	pages = {D947--D955},
	title = {HRT {Atlas} v1.0 database: redefining human and mouse housekeeping genes and candidate reference transcripts by mining massive {RNA}-seq datasets},
	volume = {49},
}
@article{Lonsdale2013GTEx,
	author = {Lonsdale, John and Thomas, Jeffrey and Salvatore, Mike and Phillips, Rebecca and Lo, Edmund and Shad, Saboor and Hasz, Richard and Walters, Gary and Garcia, Fernando and Young, Nancy and Foster, Barbara and Moser, Mike and Karasik, Ellen and Gillard, Bryan and Ramsey, Kimberley and Sullivan, Susan and Bridge, Jason and Magazine, Harold and Syron, John and Fleming, Johnelle and Siminoff, Laura and Traino, Heather and Mosavel, Maghboeba and Barker, Laura and Jewell, Scott and Rohrer, Dan and Maxim, Dan and Filkins, Dana and Harbach, Philip and Cortadillo, Eddie and Berghuis, Bree and Turner, Lisa and Hudson, Eric and Feenstra, Kristin and Sobin, Leslie and Robb, James and Branton, Phillip and Korzeniewski, Greg and Shive, Charles and Tabor, David and Qi, Liqun and Groch, Kevin and Nampally, Sreenath and Buia, Steve and Zimmerman, Angela and Smith, Anna and Burges, Robin and Robinson, Karna and Valentino, Kim and Bradbury, Deborah and Cosentino, Mark and Diaz-Mayoral, Norma and Kennedy, Mary and Engel, Theresa and Williams, Penelope and Erickson, Kenyon and Ardlie, Kristin and Winckler, Wendy and Getz, Gad and DeLuca, David and MacArthur, Daniel and Kellis, Manolis and Thomson, Alexander and Young, Taylor and Gelfand, Ellen and Donovan, Molly and Meng, Yan and Grant, George and Mash, Deborah and Marcus, Yvonne and Basile, Margaret and Liu, Jun and Zhu, Jun and Tu, Zhidong and Cox, Nancy J. and Nicolae, Dan L. and Gamazon, Eric R. and Im, Hae Kyung and Konkashbaev, Anuar and Pritchard, Jonathan and Stevens, Matthew and Flutre, Timoth{\` e}e and Wen, Xiaoquan and Dermitzakis, Emmanouil T. and Lappalainen, Tuuli and Guigo, Roderic and Monlong, Jean and Sammeth, Michael and Koller, Daphne and Battle, Alexis and Mostafavi, Sara and McCarthy, Mark and Rivas, Manual and Maller, Julian and Rusyn, Ivan and Nobel, Andrew and Wright, Fred and Shabalin, Andrey and Feolo, Mike and Sharopova, Nataliya and Sturcke, Anne and Paschal, Justin and Anderson, James M. and Wilder, Elizabeth L. and Derr, Leslie K. and Green, Eric D. and Struewing, Jeffery P. and Temple, Gary and Volpi, Simona and Boyer, Joy T. and Thomson, Elizabeth J. and Guyer, Mark S. and Ng, Cathy and Abdallah, Assya and Colantuoni, Deborah and Insel, Thomas R. and Koester, Susan E. and Little, A. Roger and Bender, Patrick K. and Lehner, Thomas and Yao, Yin and Compton, Carolyn C. and Vaught, Jimmie B. and Sawyer, Sherilyn and Lockhart, Nicole C. and Demchok, Joanne and Moore, Helen F.},
	journal = {Nature Genetics},
	doi = {10.1038/ng.2653},
	issn = {1546-1718},
	number = {6},
	year = {2013},
	month = {6},
	note = {publisher: Nature Publishing Group},
	pages = {580--585},
	title = {The {Genotype}-{Tissue} {Expression} ({GTEx}) project},
	volume = {45},
}
@article{Avsec2025AlphaGenome,
	author = {Avsec, {\v Z}iga and Latysheva, Natasha and Cheng, Jun and Novati, Guido and Taylor, Kyle R. and Ward, Tom and Bycroft, Clare and Nicolaisen, Lauren and Arvaniti, Eirini and Pan, Joshua and Thomas, Raina and Dutordoir, Vincent and Perino, Matteo and De, Soham and Karollus, Alexander and Gayoso, Adam and Sargeant, Toby and Mottram, Anne and Wong, Lai Hong and Drot{\' a}r, Pavol and Kosiorek, Adam and Senior, Andrew and Tanburn, Richard and Applebaum, Taylor and Basu, Souradeep and Hassabis, Demis and Kohli, Pushmeet},
	doi = {10.1101/2025.06.25.661532},
	year = {2025},
	month = {jul 11},
	note = {ISSN: 2692-8205
page: 2025.06.25.661532
section: New Results},
	publisher = {bioRxiv},
	title = {AlphaGenome: advancing regulatory variant effect prediction with a unified {DNA} sequence model},
	url = {https://www.biorxiv.org/content/10.1101/2025.06.25.661532v2},
}
@article{Tang2024FLAIR2,
	author = {Tang, Alison D. and Felton, Colette and Hrabeta-Robinson, Eva and Volden, Roger and Vollmers, Christopher and Brooks, Angela N.},
	journal = {Genome Biology},
	doi = {10.1186/s13059-024-03301-y},
	issn = {1474-760X},
	number = {1},
	year = {2024},
	month = {jul 2},
	pages = {173},
	title = {Detecting haplotype-specific transcript variation in long reads with {FLAIR2}},
	volume = {25},
}
@article{Prawer2023Pervasive,
	author = {Prawer, Yair D J and Gleeson, Josie and De Paoli-Iseppi, Ricardo and Clark, Michael B},
	journal = {NAR Genomics and Bioinformatics},
	doi = {10.1093/nargab/lqad060},
	issn = {2631-9268},
	number = {2},
	year = {2023},
	month = {jun 1},
	pages = {lqad060},
	title = {Pervasive effects of {RNA} degradation on {Nanopore} direct {RNA} sequencing},
	volume = {5},
}
@article{Wang2008Alternative,
	author = {Wang, Eric T. and Sandberg, Rickard and Luo, Shujun and Khrebtukova, Irina and Zhang, Lu and Mayr, Christine and Kingsmore, Stephen F. and Schroth, Gary P. and Burge, Christopher B.},
	journal = {Nature},
	doi = {10.1038/nature07509},
	issn = {0028-0836},
	number = {7221},
	year = {2008},
	month = {nov 27},
	note = {PMID: 18978772
PMCID: PMC2593745},
	pages = {470--476},
	title = {Alternative {Isoform} {Regulation} in {Human} {Tissue} {Transcriptomes}},
	volume = {456},
}
@article{Pan2008Deep,
	author = {Pan, Qun and Shai, Ofer and Lee, Leo J. and Frey, Brendan J. and Blencowe, Benjamin J.},
	journal = {Nature Genetics},
	doi = {10.1038/ng.259},
	issn = {1546-1718},
	number = {12},
	year = {2008},
	month = {12},
	note = {PMID: 18978789},
	pages = {1413--1415},
	title = {Deep surveying of alternative splicing complexity in the human transcriptome by high-throughput sequencing},
	volume = {40},
}
@article{Su2024Comprehensive,
	author = {Su, Yaqi and Yu, Zhejian and Jin, Siqian and Ai, Zhipeng and Yuan, Ruihong and Chen, Xinyi and Xue, Ziwei and Guo, Yixin and Chen, Di and Liang, Hongqing and Liu, Zuozhu and Liu, Wanlu},
	journal = {Nature Communications},
	doi = {10.1038/s41467-024-48117-3},
	issn = {2041-1723},
	number = {1},
	year = {2024},
	month = {may 10},
	note = {publisher: Nature Publishing Group},
	pages = {3972},
	title = {Comprehensive assessment of {mRNA} isoform detection methods for long-read sequencing data},
	volume = {15},
}
@article{Monzo2025Notable,
	author = {Monz{\' o}, Carolina and Frankish, Adam and Conesa, Ana},
	journal = {Genome Research},
	doi = {10.1101/gr.279865.124},
	issn = {1088-9051, 1549-5469},
	number = {4},
	year = {2025},
	month = {apr 1},
	note = {Company: Cold Spring Harbor Laboratory Press
Distributor: Cold Spring Harbor Laboratory Press
Institution: Cold Spring Harbor Laboratory Press
Label: Cold Spring Harbor Laboratory Press
publisher: Cold Spring Harbor Lab
PMID: 40032585},
	pages = {583--592},
	title = {Notable challenges posed by long-read sequencing for the study of transcriptional diversity and genome annotation},
	volume = {35},
}
@article{Harrow2012GENCODE,
	author = {Harrow, Jennifer and Frankish, Adam and Gonzalez, Jose M. and Tapanari, Electra and Diekhans, Mark and Kokocinski, Felix and Aken, Bronwen L. and Barrell, Daniel and Zadissa, Amonida and Searle, Stephen and Barnes, If and Bignell, Alexandra and Boychenko, Veronika and Hunt, Toby and Kay, Mike and Mukherjee, Gaurab and Rajan, Jeena and Despacio-Reyes, Gloria and Saunders, Gary and Steward, Charles and Harte, Rachel and Lin, Michael and Howald, C{\' e}dric and Tanzer, Andrea and Derrien, Thomas and Chrast, Jacqueline and Walters, Nathalie and Balasubramanian, Suganthi and Pei, Baikang and Tress, Michael and Rodriguez, Jose Manuel and Ezkurdia, Iakes and van Baren, Jeltje and Brent, Michael and Haussler, David and Kellis, Manolis and Valencia, Alfonso and Reymond, Alexandre and Gerstein, Mark and Guig{\' o}, Roderic and Hubbard, Tim J.},
	journal = {Genome Research},
	doi = {10.1101/gr.135350.111},
	issn = {1549-5469},
	number = {9},
	year = {2012},
	month = {9},
	note = {PMID: 22955987
PMCID: PMC3431492},
	pages = {1760--1774},
	title = {GENCODE: the reference human genome annotation for {The} {ENCODE} {Project}},
	volume = {22},
}
@article{OLeary2016RefSeq,
	author = {O'Leary, Nuala A. and Wright, Mathew W. and Brister, J. Rodney and Ciufo, Stacy and Haddad, Diana and McVeigh, Rich and Rajput, Bhanu and Robbertse, Barbara and Smith-White, Brian and Ako-Adjei, Danso and Astashyn, Alexander and Badretdin, Azat and Bao, Yiming and Blinkova, Olga and Brover, Vyacheslav and Chetvernin, Vyacheslav and Choi, Jinna and Cox, Eric and Ermolaeva, Olga and Farrell, Catherine M. and Goldfarb, Tamara and Gupta, Tripti and Haft, Daniel and Hatcher, Eneida and Hlavina, Wratko and Joardar, Vinita S. and Kodali, Vamsi K. and Li, Wenjun and Maglott, Donna and Masterson, Patrick and McGarvey, Kelly M. and Murphy, Michael R. and O'Neill, Kathleen and Pujar, Shashikant and Rangwala, Sanjida H. and Rausch, Daniel and Riddick, Lillian D. and Schoch, Conrad and Shkeda, Andrei and Storz, Susan S. and Sun, Hanzhen and Thibaud-Nissen, Francoise and Tolstoy, Igor and Tully, Raymond E. and Vatsan, Anjana R. and Wallin, Craig and Webb, David and Wu, Wendy and Landrum, Melissa J. and Kimchi, Avi and Tatusova, Tatiana and DiCuccio, Michael and Kitts, Paul and Murphy, Terence D. and Pruitt, Kim D.},
	journal = {Nucleic Acids Research},
	doi = {10.1093/nar/gkv1189},
	issn = {0305-1048},
	number = {D1},
	year = {2016},
	month = {jan 4},
	pages = {D733--D745},
	title = {Reference sequence ({RefSeq}) database at {NCBI}: current status, taxonomic expansion, and functional annotation},
	volume = {44},
}
@article{Morales2022Joint,
	author = {Morales, Joannella and Pujar, Shashikant and Loveland, Jane E. and Astashyn, Alex and Bennett, Ruth and Berry, Andrew and Cox, Eric and Davidson, Claire and Ermolaeva, Olga and Farrell, Catherine M. and Fatima, Reham and Gil, Laurent and Goldfarb, Tamara and Gonzalez, Jose M. and Haddad, Diana and Hardy, Matthew and Hunt, Toby and Jackson, John and Joardar, Vinita S. and Kay, Michael and Kodali, Vamsi K. and McGarvey, Kelly M. and McMahon, Aoife and Mudge, Jonathan M. and Murphy, Daniel N. and Murphy, Michael R. and Rajput, Bhanu and Rangwala, Sanjida H. and Riddick, Lillian D. and Thibaud-Nissen, Fran{\c c}oise and Threadgold, Glen and Vatsan, Anjana R. and Wallin, Craig and Webb, David and Flicek, Paul and Birney, Ewan and Pruitt, Kim D. and Frankish, Adam and Cunningham, Fiona and Murphy, Terence D.},
	journal = {Nature},
	doi = {10.1038/s41586-022-04558-8},
	issn = {1476-4687},
	number = {7905},
	year = {2022},
	month = {4},
	note = {publisher: Nature Publishing Group},
	pages = {310--315},
	title = {A joint {NCBI} and {EMBL}-{EBI} transcript set for clinical genomics and research},
	volume = {604},
}
@article{Kinsella2011Ensembl,
	author = {Kinsella, Rhoda J. and K{\" a}h{\" a}ri, Andreas and Haider, Syed and Zamora, Jorge and Proctor, Glenn and Spudich, Giulietta and Almeida-King, Jeff and Staines, Daniel and Derwent, Paul and Kerhornou, Arnaud and Kersey, Paul and Flicek, Paul},
	journal = {Database: The Journal of Biological Databases and Curation},
	doi = {10.1093/database/bar030},
	issn = {1758-0463},
	year = {2011},
	month = {jul 23},
	note = {PMID: 21785142
PMCID: PMC3170168},
	pages = {bar030},
	title = {Ensembl {BioMarts}: a hub for data retrieval across taxonomic space},
	volume = {2011},
}
